<?xml version="1.0" encoding="UTF-8"?>
  <record xmlns="http://www.loc.gov/MARC21/slim" type="Authority">
    <leader>00000nz  a2200000nc 4500</leader>
    <controlfield tag="001">104282185</controlfield>
    <controlfield tag="003">DE-101</controlfield>
    <controlfield tag="005">20220309170715.0</controlfield>
    <controlfield tag="008">961031n||azznnaabn           | aaa    |c</controlfield>
    <datafield tag="024" ind1="7" ind2=" ">
      <subfield code="a">104282185</subfield>
      <subfield code="0">http://d-nb.info/gnd/104282185</subfield>
      <subfield code="2">gnd</subfield>
    </datafield>
    <datafield tag="035" ind1=" " ind2=" ">
      <subfield code="a">(DE-101)104282185</subfield>
    </datafield>
    <datafield tag="035" ind1=" " ind2=" ">
      <subfield code="a">(DE-588)104282185</subfield>
    </datafield>
    <datafield tag="035" ind1=" " ind2=" ">
      <subfield code="z">(DE-588)119613794</subfield>
    </datafield>
    <datafield tag="035" ind1=" " ind2=" ">
      <subfield code="z">(DE-588a)119613794</subfield>
      <subfield code="9">v:zg</subfield>
    </datafield>
    <datafield tag="035" ind1=" " ind2=" ">
      <subfield code="z">(DE-588a)119721694</subfield>
    </datafield>
    <datafield tag="035" ind1=" " ind2=" ">
      <subfield code="z">(DE-588)1090680651</subfield>
    </datafield>
    <datafield tag="035" ind1=" " ind2=" ">
      <subfield code="z">(DE-588a)104282185</subfield>
      <subfield code="9">v:zg</subfield>
    </datafield>
    <datafield tag="035" ind1=" " ind2=" ">
      <subfield code="z">(DE-588c)7714670-0</subfield>
      <subfield code="9">v:zg</subfield>
    </datafield>
    <datafield tag="040" ind1=" " ind2=" ">
      <subfield code="a">DE-12</subfield>
      <subfield code="c">DE-12</subfield>
      <subfield code="9">r:DE-12</subfield>
      <subfield code="b">ger</subfield>
      <subfield code="d">9999</subfield>
    </datafield>
    <datafield tag="042" ind1=" " ind2=" ">
      <subfield code="a">gnd1</subfield>
    </datafield>
    <datafield tag="043" ind1=" " ind2=" ">
      <subfield code="c">XA-CZ</subfield>
    </datafield>
    <datafield tag="065" ind1=" " ind2=" ">
      <subfield code="a">3.6p</subfield>
      <subfield code="2">sswd</subfield>
    </datafield>
    <datafield tag="075" ind1=" " ind2=" ">
      <subfield code="b">p</subfield>
      <subfield code="2">gndgen</subfield>
    </datafield>
    <datafield tag="075" ind1=" " ind2=" ">
      <subfield code="b">piz</subfield>
      <subfield code="2">gndspec</subfield>
    </datafield>
    <datafield tag="079" ind1=" " ind2=" ">
      <subfield code="a">g</subfield>
      <subfield code="q">a</subfield>
      <subfield code="q">f</subfield>
      <subfield code="q">s</subfield>
      <subfield code="q">t</subfield>
      <subfield code="u">v</subfield>
    </datafield>
    <datafield tag="100" ind1="1" ind2=" ">
      <subfield code="a">Pontanus z Breitenberka, Jiří Barthold</subfield>
      <subfield code="d">1550-1616</subfield>
    </datafield>
    <datafield tag="400" ind1="1" ind2=" ">
      <subfield code="a">Barthold, Jiři</subfield>
      <subfield code="d">1550-1616</subfield>
      <subfield code="9">v:(VD-16)</subfield>
    </datafield>
    <datafield tag="400" ind1="1" ind2=" ">
      <subfield code="a">Pontanus von Braitenberg, Georg Barthold</subfield>
      <subfield code="d">1550-1616</subfield>
    </datafield>
    <datafield tag="400" ind1="1" ind2=" ">
      <subfield code="a">Pontanus von Braitenberg, George Barthold</subfield>
      <subfield code="d">1550-1616</subfield>
    </datafield>
    <datafield tag="400" ind1="1" ind2=" ">
      <subfield code="a">Pontanus von Breitenberg, Georg Barthold</subfield>
      <subfield code="d">1550-1616</subfield>
    </datafield>
    <datafield tag="400" ind1="1" ind2=" ">
      <subfield code="a">Barthold von Breitenberg, Georg</subfield>
      <subfield code="d">1550-1616</subfield>
    </datafield>
    <datafield tag="400" ind1="1" ind2=" ">
      <subfield code="a">Barthold, Georg</subfield>
      <subfield code="d">1550-1616</subfield>
    </datafield>
    <datafield tag="400" ind1="1" ind2=" ">
      <subfield code="a">Bartholdus, Georgius</subfield>
      <subfield code="d">1550-1616</subfield>
    </datafield>
    <datafield tag="400" ind1="1" ind2=" ">
      <subfield code="a">Bertholdus, Georgius</subfield>
      <subfield code="d">1550-1616</subfield>
    </datafield>
    <datafield tag="400" ind1="1" ind2=" ">
      <subfield code="a">Bartoloměj, Jiři</subfield>
      <subfield code="d">1550-1616</subfield>
    </datafield>
    <datafield tag="400" ind1="1" ind2=" ">
      <subfield code="a">Barthold, Georg</subfield>
      <subfield code="c">von Breitenberg</subfield>
      <subfield code="d">1550-1616</subfield>
    </datafield>
    <datafield tag="400" ind1="1" ind2=" ">
      <subfield code="a">Breitenberg, Georg Barthold &#152;von&#156;</subfield>
      <subfield code="d">1550-1616</subfield>
    </datafield>
    <datafield tag="400" ind1="1" ind2=" ">
      <subfield code="a">Barthold Pontanus von Breitenberg, Georg</subfield>
      <subfield code="d">1550-1616</subfield>
    </datafield>
    <datafield tag="400" ind1="1" ind2=" ">
      <subfield code="a">Braitenberg, Georg Barthold Pontanus &#152;von&#156;</subfield>
      <subfield code="d">1550-1616</subfield>
    </datafield>
    <datafield tag="400" ind1="1" ind2=" ">
      <subfield code="a">Pontanus, Georg Barthold</subfield>
      <subfield code="d">1550-1616</subfield>
    </datafield>
    <datafield tag="400" ind1="1" ind2=" ">
      <subfield code="a">Pontanus, Georgius</subfield>
      <subfield code="d">1550-1616</subfield>
    </datafield>
    <datafield tag="400" ind1="1" ind2=" ">
      <subfield code="a">Pontanus von Braitenberg, Georgius Bartholdus</subfield>
      <subfield code="d">1550-1616</subfield>
    </datafield>
    <datafield tag="400" ind1="1" ind2=" ">
      <subfield code="a">Preitenberka, Jiří Barthold Pontanus &#152;z&#156;</subfield>
      <subfield code="d">1550-1616</subfield>
    </datafield>
    <datafield tag="400" ind1="1" ind2=" ">
      <subfield code="a">Pontanus z Breitenberka, Jiří Barthold</subfield>
      <subfield code="c">Dompropst</subfield>
      <subfield code="d">1550-1616</subfield>
    </datafield>
    <datafield tag="400" ind1="1" ind2=" ">
      <subfield code="a">Pontanus, Jiří Barthold</subfield>
      <subfield code="c">Dompropst</subfield>
      <subfield code="d">1550-1616</subfield>
    </datafield>
    <datafield tag="400" ind1="1" ind2=" ">
      <subfield code="a">Pontanus a Braitenberg, Georgius Bartholdus</subfield>
      <subfield code="c">Dompropst</subfield>
      <subfield code="d">1550-1616</subfield>
    </datafield>
    <datafield tag="400" ind1="1" ind2=" ">
      <subfield code="a">Pontanus z Praitenberka, Jiří Barthold</subfield>
      <subfield code="c">Dompropst</subfield>
      <subfield code="d">1550-1616</subfield>
    </datafield>
    <datafield tag="400" ind1="1" ind2=" ">
      <subfield code="a">Pontanus, Georgius Bartholdus</subfield>
      <subfield code="c">Dompropst</subfield>
      <subfield code="d">1550-1616</subfield>
    </datafield>
    <datafield tag="400" ind1="1" ind2=" ">
      <subfield code="a">Pontanus von Braitenberg, Georg Barthold</subfield>
      <subfield code="c">Dompropst</subfield>
      <subfield code="d">1550-1616</subfield>
    </datafield>
    <datafield tag="400" ind1="1" ind2=" ">
      <subfield code="a">Braitenberg, Georg Barthold Pontanus &#152;von&#156;</subfield>
      <subfield code="c">Dompropst</subfield>
      <subfield code="d">1550-1616</subfield>
    </datafield>
    <datafield tag="400" ind1="1" ind2=" ">
      <subfield code="a">Pontanus, Jiří Barthold</subfield>
      <subfield code="d">1550-1616</subfield>
    </datafield>
    <datafield tag="400" ind1="1" ind2=" ">
      <subfield code="a">Pontanus a Braitenberg, Georgius Bartholdus</subfield>
      <subfield code="d">1550-1616</subfield>
    </datafield>
    <datafield tag="400" ind1="1" ind2=" ">
      <subfield code="a">Pontanus z Praitenberka, Jiří Barthold</subfield>
      <subfield code="d">1550-1616</subfield>
    </datafield>
    <datafield tag="400" ind1="1" ind2=" ">
      <subfield code="a">Pontanus, Georgius Bartholdus</subfield>
      <subfield code="d">1550-1616</subfield>
    </datafield>
    <datafield tag="400" ind1="1" ind2=" ">
      <subfield code="a">Breitenberka, Jiří Barthold Pontanus &#152;z&#156;</subfield>
      <subfield code="d">1550-1616</subfield>
    </datafield>
    <datafield tag="400" ind1="1" ind2=" ">
      <subfield code="a">Pontanus, Georg Barthold von Breitenberg</subfield>
      <subfield code="d">1550-1616</subfield>
    </datafield>
    <datafield tag="400" ind1="1" ind2=" ">
      <subfield code="a">Jiři, Barthold</subfield>
      <subfield code="d">1550-1616</subfield>
      <subfield code="9">v:(VD-16)</subfield>
    </datafield>
    <datafield tag="500" ind1="1" ind2=" ">
      <subfield code="0">(DE-101)118506668</subfield>
      <subfield code="0">(DE-588)118506668</subfield>
      <subfield code="0">https://d-nb.info/gnd/118506668</subfield>
      <subfield code="a">Baronio, Cesare</subfield>
      <subfield code="d">1538-1607</subfield>
      <subfield code="4">beza</subfield>
      <subfield code="4">https://d-nb.info/standards/elementset/gnd#acquaintanceshipOrFriendship</subfield>
      <subfield code="w">r</subfield>
      <subfield code="i">Bekanntschaft</subfield>
      <subfield code="e">Bekanntschaft</subfield>
      <subfield code="9">v:VD-16 Mitverf.</subfield>
    </datafield>
    <datafield tag="500" ind1="1" ind2=" ">
      <subfield code="0">(DE-101)119624672</subfield>
      <subfield code="0">(DE-588)119624672</subfield>
      <subfield code="0">https://d-nb.info/gnd/119624672</subfield>
      <subfield code="a">Boduinus, Johannes</subfield>
      <subfield code="4">beza</subfield>
      <subfield code="4">https://d-nb.info/standards/elementset/gnd#acquaintanceshipOrFriendship</subfield>
      <subfield code="w">r</subfield>
      <subfield code="i">Bekanntschaft</subfield>
      <subfield code="e">Bekanntschaft</subfield>
      <subfield code="9">v:VD-16 Mitverf.</subfield>
    </datafield>
    <datafield tag="500" ind1="1" ind2=" ">
      <subfield code="0">(DE-101)119679469</subfield>
      <subfield code="0">(DE-588)119679469</subfield>
      <subfield code="0">https://d-nb.info/gnd/119679469</subfield>
      <subfield code="a">Fugger, Marx</subfield>
      <subfield code="4">beza</subfield>
      <subfield code="4">https://d-nb.info/standards/elementset/gnd#acquaintanceshipOrFriendship</subfield>
      <subfield code="w">r</subfield>
      <subfield code="i">Bekanntschaft</subfield>
      <subfield code="e">Bekanntschaft</subfield>
      <subfield code="9">v:VD-16 Mitverf.</subfield>
    </datafield>
    <datafield tag="500" ind1="1" ind2=" ">
      <subfield code="0">(DE-101)119680319</subfield>
      <subfield code="0">(DE-588)119680319</subfield>
      <subfield code="0">https://d-nb.info/gnd/119680319</subfield>
      <subfield code="a">Gablmann, Nikolaus</subfield>
      <subfield code="4">beza</subfield>
      <subfield code="4">https://d-nb.info/standards/elementset/gnd#acquaintanceshipOrFriendship</subfield>
      <subfield code="w">r</subfield>
      <subfield code="i">Bekanntschaft</subfield>
      <subfield code="e">Bekanntschaft</subfield>
      <subfield code="9">v:VD-16 Mitverf.</subfield>
    </datafield>
    <datafield tag="500" ind1="0" ind2=" ">
      <subfield code="0">(DE-101)11969462X</subfield>
      <subfield code="0">(DE-588)11969462X</subfield>
      <subfield code="0">https://d-nb.info/gnd/11969462X</subfield>
      <subfield code="a">Guilelmus</subfield>
      <subfield code="c">aus Aurillac</subfield>
      <subfield code="4">beza</subfield>
      <subfield code="4">https://d-nb.info/standards/elementset/gnd#acquaintanceshipOrFriendship</subfield>
      <subfield code="w">r</subfield>
      <subfield code="i">Bekanntschaft</subfield>
      <subfield code="e">Bekanntschaft</subfield>
      <subfield code="9">v:VD-16 Mitverf.</subfield>
    </datafield>
    <datafield tag="500" ind1="1" ind2=" ">
      <subfield code="0">(DE-101)122113357</subfield>
      <subfield code="0">(DE-588)122113357</subfield>
      <subfield code="0">https://d-nb.info/gnd/122113357</subfield>
      <subfield code="a">Leucht, Valentin</subfield>
      <subfield code="d">1550-1619</subfield>
      <subfield code="4">beza</subfield>
      <subfield code="4">https://d-nb.info/standards/elementset/gnd#acquaintanceshipOrFriendship</subfield>
      <subfield code="w">r</subfield>
      <subfield code="i">Bekanntschaft</subfield>
      <subfield code="e">Bekanntschaft</subfield>
      <subfield code="9">v:VD-16 Mitverf.</subfield>
    </datafield>
    <datafield tag="500" ind1="1" ind2=" ">
      <subfield code="0">(DE-101)12971450X</subfield>
      <subfield code="0">(DE-588)12971450X</subfield>
      <subfield code="0">https://d-nb.info/gnd/12971450X</subfield>
      <subfield code="a">Rossignoli, Bernardino</subfield>
      <subfield code="d">1547-1613</subfield>
      <subfield code="4">beza</subfield>
      <subfield code="4">https://d-nb.info/standards/elementset/gnd#acquaintanceshipOrFriendship</subfield>
      <subfield code="w">r</subfield>
      <subfield code="i">Bekanntschaft</subfield>
      <subfield code="e">Bekanntschaft</subfield>
      <subfield code="9">v:VD-16 Mitverf.</subfield>
    </datafield>
    <datafield tag="500" ind1="1" ind2=" ">
      <subfield code="0">(DE-101)119836955</subfield>
      <subfield code="0">(DE-588)119836955</subfield>
      <subfield code="0">https://d-nb.info/gnd/119836955</subfield>
      <subfield code="a">Stampf, Johannes</subfield>
      <subfield code="4">beza</subfield>
      <subfield code="4">https://d-nb.info/standards/elementset/gnd#acquaintanceshipOrFriendship</subfield>
      <subfield code="w">r</subfield>
      <subfield code="i">Bekanntschaft</subfield>
      <subfield code="e">Bekanntschaft</subfield>
      <subfield code="9">v:VD-16 Mitverf.</subfield>
    </datafield>
    <datafield tag="500" ind1="1" ind2=" ">
      <subfield code="0">(DE-101)100683622</subfield>
      <subfield code="0">(DE-588)100683622</subfield>
      <subfield code="0">https://d-nb.info/gnd/100683622</subfield>
      <subfield code="a">Vivarius, Jacobus</subfield>
      <subfield code="4">beza</subfield>
      <subfield code="4">https://d-nb.info/standards/elementset/gnd#acquaintanceshipOrFriendship</subfield>
      <subfield code="w">r</subfield>
      <subfield code="i">Bekanntschaft</subfield>
      <subfield code="e">Bekanntschaft</subfield>
      <subfield code="9">v:VD-16 Mitverf.</subfield>
    </datafield>
    <datafield tag="500" ind1="1" ind2=" ">
      <subfield code="0">(DE-101)119838877</subfield>
      <subfield code="0">(DE-588)119838877</subfield>
      <subfield code="0">https://d-nb.info/gnd/119838877</subfield>
      <subfield code="a">Steitz, Engelbert</subfield>
      <subfield code="4">beza</subfield>
      <subfield code="4">https://d-nb.info/standards/elementset/gnd#acquaintanceshipOrFriendship</subfield>
      <subfield code="w">r</subfield>
      <subfield code="i">Bekanntschaft</subfield>
      <subfield code="e">Bekanntschaft</subfield>
      <subfield code="9">v:VD-16 Mitverf.</subfield>
    </datafield>
    <datafield tag="500" ind1="1" ind2=" ">
      <subfield code="0">(DE-101)119864223</subfield>
      <subfield code="0">(DE-588)119864223</subfield>
      <subfield code="0">https://d-nb.info/gnd/119864223</subfield>
      <subfield code="a">Wanglo, Theodorus</subfield>
      <subfield code="4">beza</subfield>
      <subfield code="4">https://d-nb.info/standards/elementset/gnd#acquaintanceshipOrFriendship</subfield>
      <subfield code="w">r</subfield>
      <subfield code="i">Bekanntschaft</subfield>
      <subfield code="e">Bekanntschaft</subfield>
      <subfield code="9">v:VD-16 Mitverf.</subfield>
    </datafield>
    <datafield tag="500" ind1="1" ind2=" ">
      <subfield code="0">(DE-101)119872846</subfield>
      <subfield code="0">(DE-588)119872846</subfield>
      <subfield code="0">https://d-nb.info/gnd/119872846</subfield>
      <subfield code="a">Witling, Gerardus</subfield>
      <subfield code="4">beza</subfield>
      <subfield code="4">https://d-nb.info/standards/elementset/gnd#acquaintanceshipOrFriendship</subfield>
      <subfield code="w">r</subfield>
      <subfield code="i">Bekanntschaft</subfield>
      <subfield code="e">Bekanntschaft</subfield>
      <subfield code="9">v:VD-16 Mitverf.</subfield>
    </datafield>
    <datafield tag="500" ind1="1" ind2=" ">
      <subfield code="a">Chimarrhaeus, Jacobus</subfield>
      <subfield code="4">beza</subfield>
      <subfield code="4">https://d-nb.info/standards/elementset/gnd#acquaintanceshipOrFriendship</subfield>
      <subfield code="w">r</subfield>
      <subfield code="i">Bekanntschaft</subfield>
      <subfield code="e">Bekanntschaft</subfield>
      <subfield code="9">v:VD-16 Mitverf.</subfield>
    </datafield>
    <datafield tag="500" ind1="1" ind2=" ">
      <subfield code="a">Haer, Franciscus &#152;van der&#156;</subfield>
      <subfield code="4">beza</subfield>
      <subfield code="4">https://d-nb.info/standards/elementset/gnd#acquaintanceshipOrFriendship</subfield>
      <subfield code="w">r</subfield>
      <subfield code="i">Bekanntschaft</subfield>
      <subfield code="e">Bekanntschaft</subfield>
      <subfield code="9">v:VD-16 Mitverf.</subfield>
    </datafield>
    <datafield tag="500" ind1="1" ind2=" ">
      <subfield code="a">Hulsius, Frederik</subfield>
      <subfield code="4">beza</subfield>
      <subfield code="4">https://d-nb.info/standards/elementset/gnd#acquaintanceshipOrFriendship</subfield>
      <subfield code="w">r</subfield>
      <subfield code="i">Bekanntschaft</subfield>
      <subfield code="e">Bekanntschaft</subfield>
      <subfield code="9">v:VD-16 Mitverf.</subfield>
    </datafield>
    <datafield tag="548" ind1=" " ind2=" ">
      <subfield code="a">1550-1616</subfield>
      <subfield code="4">datl</subfield>
      <subfield code="4">https://d-nb.info/standards/elementset/gnd#dateOfBirthAndDeath</subfield>
      <subfield code="w">r</subfield>
      <subfield code="i">Lebensdaten</subfield>
      <subfield code="9">v:Geburtsjahr ca., anderslautend. Todesjahr: 1614</subfield>
    </datafield>
    <datafield tag="548" ind1=" " ind2=" ">
      <subfield code="a">-20.02.1616</subfield>
      <subfield code="4">datx</subfield>
      <subfield code="4">https://d-nb.info/standards/elementset/gnd#dateOfDeath</subfield>
      <subfield code="w">r</subfield>
      <subfield code="i">Exakte Lebensdaten</subfield>
    </datafield>
    <datafield tag="550" ind1=" " ind2=" ">
      <subfield code="0">(DE-101)042090695</subfield>
      <subfield code="0">(DE-588)4209069-6</subfield>
      <subfield code="0">https://d-nb.info/gnd/4209069-6</subfield>
      <subfield code="a">Dompropst</subfield>
      <subfield code="4">berc</subfield>
      <subfield code="4">https://d-nb.info/standards/elementset/gnd#professionOrOccupation</subfield>
      <subfield code="w">r</subfield>
      <subfield code="i">Charakteristischer Beruf</subfield>
    </datafield>
    <datafield tag="551" ind1=" " ind2=" ">
      <subfield code="0">(DE-101)040696952</subfield>
      <subfield code="0">(DE-588)4069695-9</subfield>
      <subfield code="0">https://d-nb.info/gnd/4069695-9</subfield>
      <subfield code="a">Brüx</subfield>
      <subfield code="4">ortg</subfield>
      <subfield code="4">https://d-nb.info/standards/elementset/gnd#placeOfBirth</subfield>
      <subfield code="w">r</subfield>
      <subfield code="i">Geburtsort</subfield>
      <subfield code="9">v:daher der Beiname "Pontanus"</subfield>
    </datafield>
    <datafield tag="551" ind1=" " ind2=" ">
      <subfield code="0">(DE-101)040763102</subfield>
      <subfield code="0">(DE-588)4076310-9</subfield>
      <subfield code="0">https://d-nb.info/gnd/4076310-9</subfield>
      <subfield code="a">Prag</subfield>
      <subfield code="4">orts</subfield>
      <subfield code="4">https://d-nb.info/standards/elementset/gnd#placeOfDeath</subfield>
      <subfield code="w">r</subfield>
      <subfield code="i">Sterbeort</subfield>
    </datafield>
    <datafield tag="667" ind1=" " ind2=" ">
      <subfield code="a">12</subfield>
    </datafield>
    <datafield tag="667" ind1=" " ind2=" ">
      <subfield code="a">7</subfield>
    </datafield>
    <datafield tag="667" ind1=" " ind2=" ">
      <subfield code="a">384</subfield>
    </datafield>
    <datafield tag="667" ind1=" " ind2=" ">
      <subfield code="a">VD-16</subfield>
    </datafield>
    <datafield tag="667" ind1=" " ind2=" ">
      <subfield code="a">VD-17</subfield>
    </datafield>
    <datafield tag="667" ind1=" " ind2=" ">
      <subfield code="a">Quelle: LCAuth / DNB-Normdaten (Info. DNB: Lebensdaten: 1550-1616; Beruf(e): Dompropst; Land: Tschechische Republik; Weitere Angaben: Domprobst zu Prag)</subfield>
    </datafield>
    <datafield tag="667" ind1=" " ind2=" ">
      <subfield code="a">MMm</subfield>
    </datafield>
    <datafield tag="670" ind1=" " ind2=" ">
      <subfield code="a">LCAuth</subfield>
    </datafield>
    <datafield tag="670" ind1=" " ind2=" ">
      <subfield code="a">NKČR-Aut</subfield>
    </datafield>
    <datafield tag="672" ind1=" " ind2="0">
      <subfield code="a">Encaenia in religiosissimum templum Augustae Vindelicorum Societati ..</subfield>
      <subfield code="f">1584</subfield>
    </datafield>
    <datafield tag="672" ind1=" " ind2="0">
      <subfield code="a">Ad ... Rudolphum II Rom. Imperatorem de Statu Hungarico Dialogus</subfield>
      <subfield code="f">1596</subfield>
    </datafield>
    <datafield tag="672" ind1=" " ind2="0">
      <subfield code="a">Oratio funebris in sepulturam Reginae Annae</subfield>
      <subfield code="f">1600</subfield>
    </datafield>
    <datafield tag="672" ind1=" " ind2="0">
      <subfield code="a">Bartholomaeus &lt;Anglicus&gt;: Liber de genuinis rerum coelestium, terrestrium et inferarum ..</subfield>
      <subfield code="f">1601</subfield>
    </datafield>
    <datafield tag="672" ind1=" " ind2="0">
      <subfield code="a">Ernestus &lt;de Pardubitz&gt;: Statuta provincialia Ernesti archiepiscopi primi Pragensis ..</subfield>
      <subfield code="f">1606</subfield>
    </datafield>
    <datafield tag="672" ind1=" " ind2="0">
      <subfield code="a">Bohaemia pia</subfield>
      <subfield code="f">1608</subfield>
    </datafield>
    <datafield tag="672" ind1=" " ind2="0">
      <subfield code="a">Armatura dei, in qua belli tempore concionatoribus ..</subfield>
      <subfield code="f">1608</subfield>
    </datafield>
    <datafield tag="672" ind1=" " ind2="0">
      <subfield code="a">Bibliotheca Concionum</subfield>
      <subfield code="f">1608</subfield>
    </datafield>
    <datafield tag="672" ind1=" " ind2="0">
      <subfield code="a">Incineratio Mortalium</subfield>
      <subfield code="f">1611</subfield>
    </datafield>
    <datafield tag="672" ind1=" " ind2="0">
      <subfield code="a">Aureum Breviarium Concionatorum in Dominicos et festos dies</subfield>
      <subfield code="f">1611</subfield>
    </datafield>
    <datafield tag="672" ind1=" " ind2="0">
      <subfield code="a">Aureum diurnale concionatorum</subfield>
      <subfield code="f">1611</subfield>
    </datafield>
    <datafield tag="672" ind1=" " ind2="0">
      <subfield code="a">AD INVICTISSIMVM ATQVE AVGVSTISSIMVM DOMINVM DN.RVDOLPHVM II.Rom.Imp.Hungariae &amp; ... 1596. (VD16 B 509)</subfield>
    </datafield>
    <datafield tag="672" ind1=" " ind2="0">
      <subfield code="a">Panegyrica ILLVSTRIBVS MAGNATIBVS, VIRISQVE LITERATIS, DIuerso tempore decantata. ... 1595. (VD16 B 514)</subfield>
    </datafield>
    <datafield tag="672" ind1=" " ind2="0">
      <subfield code="a">PANEGYRICA IESV CHRISTO REDEMPTORI NOSTRO NEC NON beatissimae virgini, matri, Patronae ... 1595. (VD16 B 513)</subfield>
    </datafield>
    <datafield tag="672" ind1=" " ind2="0">
      <subfield code="a">Guilelmus &lt;aus Aurillac&gt;: RHETORICA DIVINA Himlische Rhetorick Ein kunst vber alle kuenst/wie der Mensch mit Gott ... 1598. (VD16 G 4075)</subfield>
    </datafield>
    <datafield tag="672" ind1=" " ind2="0">
      <subfield code="a">Mantissa vel appendix elucubrationum poeticarum ... 1594/1595. (VD16 ZV 1078)</subfield>
    </datafield>
    <datafield tag="672" ind1=" " ind2="0">
      <subfield code="a">ORATIO Super verba S.Joannis Cap.13. SCIENS IESV QVIA VENIT HORA EIVS ... HABITA ... AB ... 1595. (VD16 B 512)</subfield>
    </datafield>
    <datafield tag="672" ind1=" " ind2="0">
      <subfield code="a">TRIAS FVNEBRIVM ORATIOVNM, IN EXEQVIIS TRIVM ILLVSTRISSIMORVM DOMINORVM PRAGAE ... 1595. (VD16 B 518)</subfield>
    </datafield>
    <datafield tag="672" ind1=" " ind2="0">
      <subfield code="a">PANEGYRICA SANCTISSIMIS PONTIFICIBVS ET PRAELATIS ECCLESIASTICIS SACRA. Authore ... 1593. (VD16 B 516)</subfield>
    </datafield>
    <datafield tag="672" ind1=" " ind2="0">
      <subfield code="a">PRIMITIAE SACRAE Poe͏̈seos, CHRISTVM NATVM, TVM A B. VIRGINE MATRE SVB sepultura ... 1589. (VD16 B 517)</subfield>
    </datafield>
    <datafield tag="672" ind1=" " ind2="0">
      <subfield code="a">PANAGYRICA ... ROMAN. IMPERAT. RVDOLPHO Secundo, Vngariae &amp; Bohaemie̜ Regi ... Authore ... 1593. (VD16 B 515)</subfield>
    </datafield>
    <datafield tag="672" ind1=" " ind2="0">
      <subfield code="a">Vyver, Jacobus van den: CARMEN GRATVLATORIVM In honorem. ADMODVM REVERENDI, ILLVSTRIS ET AMPLISSIMI VIRI, D. ... 1595. (VD16 V 2849)</subfield>
    </datafield>
    <datafield tag="678" ind1=" " ind2=" ">
      <subfield code="b">Domprobst zu Prag</subfield>
    </datafield>
    <datafield tag="700" ind1="1" ind2="4">
      <subfield code="a">Pontanus z Breitenberka, Jiří Barthold</subfield>
      <subfield code="d">1550-1616</subfield>
    </datafield>
    <datafield tag="913" ind1=" " ind2=" ">
      <subfield code="S">pnd</subfield>
      <subfield code="i">a</subfield>
      <subfield code="a">Pontanus z Breitenberka, Jiří Barthold</subfield>
      <subfield code="0">(DE-588a)104282185</subfield>
    </datafield>
    <datafield tag="913" ind1=" " ind2=" ">
      <subfield code="S">pnd</subfield>
      <subfield code="i">a</subfield>
      <subfield code="a">Barthold, Jiři</subfield>
      <subfield code="0">(DE-588a)119613794</subfield>
    </datafield>
  </record>
